@article{goldblatt2006kripke,
  title={A Kripke-Joyal Semantics for Noncommutative Logic in Quantales.},
  author={Goldblatt, Robert},
  journal={Advances in modal logic},
  volume={6},
  pages={209--225},
  year={2006}
}
@article{goldblatt2011cover,
  title={Cover semantics for quantified lax logic},
  author={Goldblatt, Robert},
  journal={Journal of Logic and Computation},
  volume={21},
  number={6},
  pages={1035--1063},
  year={2011},
  publisher={Oxford University Press}
}
@book{maclane2012sheaves,
  title={Sheaves in geometry and logic: A first introduction to topos theory},
  author={MacLane, Saunders and Moerdijk, Ieke},
  year={2012},
  publisher={Springer Science \& Business Media}
}
@book{johnstone2002sketches,
  title={Sketches of an Elephant: A Topos Theory Compendium: Volume 2},
  author={Johnstone, Peter T},
  volume={2},
  year={2002},
  publisher={Oxford University Press}
}
@book{vickers1996topology,
  title={Topology via logic},
  author={Vickers, Steven},
  year={1996},
  publisher={Cambridge University Press}
}
@article{abramsky1993quantales,
  title={Quantales, observational logic and process semantics},
  author={Abramsky, Samson and Vickers, Steven},
  journal={Mathematical structures in computer science},
  volume={3},
  number={2},
  pages={161--227},
  year={1993},
  publisher={Cambridge University Press}
}
@book{rosenthal1990quantales,
  title={Quantales and their applications},
  author={Rosenthal, Kimmo I},
  year={1990},
  publisher={Longman Scientific and Technical}
}
@article{mulvey2001quantisation,
  title={On the quantisation of points},
  author={Mulvey, Christopher J and Pelletier, Joan Wick},
  journal={Journal of Pure and Applied Algebra},
  volume={159},
  number={2-3},
  pages={231--295},
  year={2001},
  publisher={Elsevier}
}
@article{kruml2008algebraic,
  title={Algebraic and categorical aspects of quantales},
  author={Kruml, David and Paseka, Jan},
  journal={Handbook of algebra},
  volume={5},
  pages={323--362},
  year={2008},
  publisher={Elsevier}
}
@inproceedings{vickers1993geometric,
  title={Geometric logic in computer science},
  author={Vickers, Steve},
  booktitle={Theory and Formal Methods 1993: Proceedings of the First Imperial College Department of Computing Workshop on Theory and Formal Methods, Isle of Thorns Conference Centre, Chelwood Gate, Sussex, UK, 29--31 March 1993},
  pages={37--54},
  year={1993},
  organization={Springer}
}
@article{vickers2014continuity,
  title={Continuity and geometric logic},
  author={Vickers, Steven},
  journal={Journal of Applied Logic},
  volume={12},
  number={1},
  pages={14--27},
  year={2014},
  publisher={Elsevier}
}
@book{picado2011frames,
  title={Frames and Locales: topology without points},
  author={Picado, Jorge and Pultr, Ale{\v{s}}},
  year={2011},
  publisher={Springer Science \& Business Media}
}
@article{venema2022coalgebraic,
  title={Coalgebraic Geometric Logic: Basic Theory},
  author={Venema, Yde and De Groot, Jim and Bezhanishvili, Nick},
  journal={Logical Methods in Computer Science},
  volume={18},
  year={2022},
  publisher={Episciences. org}
}
@article{borceux1986quantales,
  title={Quantales and their sheaves},
  author={Borceux, Francis and Van den Bossche, Gilberte},
  journal={Order},
  volume={3},
  pages={61--87},
  year={1986},
  publisher={Springer}
}
@book{caramello2018theories,
  title={Theories, Sites, Toposes: Relating and studying mathematical theories through topos-theoretic'bridges'},
  author={Caramello, Olivia},
  year={2018},
  publisher={Oxford University Press}
}
@book{goldblatt2014topoi,
  title={Topoi: the categorial analysis of logic},
  author={Goldblatt, Robert},
  year={2014},
  publisher={Elsevier}
}
@article{Bell2003CoverSF,
  title={Cover Schemes, Frame-Valued Sets and Their Potential Uses in Spacetime Physics},
  author={John L. Bell},
  journal={arXiv: General Relativity and Quantum Cosmology},
  year={2003}
}
